<?xml version="1.0" encoding="UTF-8"?><collection xmlns="http://www.loc.gov/MARC21/slim"><record><leader>00388nam--2200133-i-4500</leader><controlfield tag="001">000001890</controlfield><controlfield tag="002">20161230</controlfield><controlfield tag="005">20161230201024</controlfield><controlfield tag="008">060222s1000------------r-----000-0-eng-d</controlfield><datafield ind1=" " ind2=" " tag="080"><subfield code="a">530.145</subfield></datafield><datafield ind1=" " ind2=" " tag="100"><subfield code="a">Frank, William,M</subfield></datafield><datafield ind1=" " ind2=" " tag="245"><subfield code="a">Point loop renormalization in regularized field theories.i</subfield></datafield><datafield ind1=" " ind2=" " tag="260"><subfield code="a">Silver Spring(Maryland), U.S.Naval Ordnance Laboratory (F.Data) 27 P</subfield></datafield><datafield ind1=" " ind2=" " tag="852"><subfield code="a">20781</subfield></datafield></record></collection>